@Manual{R-base,
  title = {R: A Language and Environment for Statistical Computing},
  author = {{R Core Team}},
  organization = {R Foundation for Statistical Computing},
  address = {Vienna, Austria},
  year = {2017},
  url = {https://www.R-project.org/},
}
@Manual{R-data.table,
  title = {data.table: Extension of `data.frame`},
  author = {Matt Dowle and Arun Srinivasan},
  note = {R package version 1.10.5},
  url = {http://r-datatable.com},
  year = {2017},
}
@Manual{R-ggplot2,
  title = {ggplot2: Create Elegant Data Visualisations Using the Grammar of Graphics},
  author = {Hadley Wickham and Winston Chang},
  note = {http://ggplot2.tidyverse.org, https://github.com/tidyverse/ggplot2},
  year = {2017},
}
@Manual{R-WaveletComp,
  title = {WaveletComp: Computational Wavelet Analysis},
  author = {Angi Roesch and Harald Schmidbauer},
  year = {2014},
  note = {R package version 1.0},
  url = {https://CRAN.R-project.org/package=WaveletComp},
}
